\usepackage[utf8]{inputenc}		

@book{associaccao1989nbr,
  title={NBR 10719: Apresenta{\c{c}}{\~a}o de relat{\'o}rios t{\'e}cnico-cient{\'\i}ficos},
  author={Associa{\c{c}}{\~a}o Brasileira de Normas T{\'e}cnicas},
  year={1989}
}

@book{marconi2003fundamentos,
  title={Fundamentos de metodologia cient{\'\i}fica},
  author={Marconi, Marina de Andrade and Lakatos, Eva Maria},
  year={2003},
  publisher={5. ed.-S{\~a}o Paulo: Atlas}
}
	
@article{anel01,
	Author = {Silveira, Fernando L. da},
	Journal = {Revista Brasileira de Ensino de Física},
	Number = {1},
	Pages = {81-85},
	Title = {Explicação qualitativa do "anel de Thomson". Como ocorre a "levitação magnética"?},
	Volume = {25},
	Year = {2003}}
	
@misc{wiki-galvanometro,
	Author = {Wikipedia},
	Date-Added = {},
	Date-Modified = {},
	Howpublished = {Wikipedia},
	Keywords = {wikipedia},
	Title = {Galvanômetro},
	Url = {https://pt.wikipedia.org/wiki/Galvan%C3%B4metro},
	Urlaccessdate = {12 mai 2018},
	Year = {2018},
	Bdsk-Url-1 = {}}
	
	
@misc{farad,
	Author = {IFSC},
	Date-Added = {},
	Date-Modified = {},
	Howpublished = {Instituto de Física de São Carlos, USP},
	Keywords = {USP},
	Title = {Laboratório de Eletricidade e Magnetismo},
	Url = {http://www.ifsc.usp.br/~strontium/Teaching/Material2010-2%20FFI0106%20LabFisicaIII/},
	Urlaccessdate = {13 mai 2018},
	Year = {2013},
	Bdsk-Url-1 = {}}
	
@article{graaff01,
   author={Sala, Oscar},   
   title = {{O gerador eletrostático e suas aplicações}},
   journal = {{Ciência e Cultura}},
   ISSN = {0009-6725},
   language = {pt},
   URL = {http://cienciaecultura.bvs.br/scielo.php?script=sci_arttext&pid=S0009-67252010000500003&nrm=iso},
   volume = {62},
   year = {2010},
   month = {00},
   pages = {12-15},
   publisher = {scielocec},
   }


@misc{wiki-ampere,
	Author = {Wikipedia},
	Date-Added = {},
	Date-Modified = {},
	Howpublished = {Wikipedia},
	Keywords = {wikipedia},
	Title = {Lei de Ampère},
	Url = {https://pt.wikipedia.org/wiki/Lei_de_Amp%C3%A8re},
	Urlaccessdate = {15 mai 2018},
	Year = {2018},
	Bdsk-Url-1 = {}}


@misc{bike,
	Author = {Efeito Joule},
	Date-Added = {},
	Date-Modified = {},
	Howpublished = {Site},
	Keywords = {dínamo},
	Title = {Como funciona um Dínamo?},
	Url = {http://revistabicicleta.com.br/bicicleta_noticia.php?como_funciona_um_dinamo?&id=30797},
	Urlaccessdate = {15 mai 2018},
	Year = {2017},
	Bdsk-Url-1 = {}}